@article{berlekamp1978inherent,
  title={On the inherent intractability of certain coding problems (corresp.)},
  author={Berlekamp, Elwyn and McEliece, Robert and Van Tilborg, Henk},
  journal={IEEE Transactions on Information Theory},
  volume={24},
  number={3},
  pages={384--386},
  year={1978},
  publisher={IEEE}
}


@inproceedings{ishai2003private,
  title={Private circuits: Securing hardware against probing attacks},
  author={Ishai, Yuval and Sahai, Amit and Wagner, David},
  booktitle={Annual International Cryptology Conference},
  pages={463--481},
  year={2003},
  organization={Springer}
}

