@inproceedings{alekhnovich2003more,
  title={More on average case vs approximation complexity},
  author={Alekhnovich, Michael},
  booktitle={44th Annual IEEE Symposium on Foundations of Computer Science, 2003. Proceedings.},
  pages={298--307},
  year={2003},
  organization={IEEE}
}

@article{melchor2018hamming,
  title={Hamming quasi-cyclic (HQC)},
  author={Melchor, Carlos Aguilar and Aragon, Nicolas and Bettaieb, Slim and Bidoux, Lo{\i}c and Blazy, Olivier and Deneuville, Jean-Christophe and Gaborit, Philippe and Persichetti, Edoardo and Z{\'e}mor, Gilles and Bourges, IC},
  journal={NIST PQC Round},
  volume={2},
  pages={4--13},
  year={2018}
}

@article{aguilar2018efficient,
  title={Efficient encryption from random quasi-cyclic codes},
  author={Aguilar-Melchor, Carlos and Blazy, Olivier and Deneuville, Jean-Christophe and Gaborit, Philippe and Z{\'e}mor, Gilles},
  journal={IEEE Transactions on Information Theory},
  volume={64},
  number={5},
  pages={3927--3943},
  year={2018},
  publisher={IEEE}
}

@article{shamir1979share,
author = {Shamir, Adi},
title = {How to Share a Secret},
year = {1979},
issue_date = {Nov. 1979},
publisher = {Association for Computing Machinery},
address = {New York, NY, USA},
volume = {22},
number = {11},
issn = {0001-0782},
url = {https://doi.org/10.1145/359168.359176},
doi = {10.1145/359168.359176},
abstract = {In this paper we show how to divide data D into n pieces in such a way that D is easily
reconstructable from any k pieces, but even complete knowledge of k - 1 pieces reveals
absolutely no information about D. This technique enables the construction of robust
key management schemes for cryptographic systems that can function securely and reliably
even when misfortunes destroy half the pieces and security breaches expose all but
one of the remaining pieces.},
journal = {Commun. ACM},
month = nov,
pages = {612â€“613},
numpages = {2},
keywords = {interpolation, key management, cryptography}
}

@inproceedings{chari1999towards,
  title={Towards sound approaches to counteract power-analysis attacks},
  author={Chari, Suresh and Jutla, Charanjit S and Rao, Josyula R and Rohatgi, Pankaj},
  booktitle={Annual International Cryptology Conference},
  pages={398--412},
  year={1999},
  organization={Springer}
}

@inproceedings{coron2013higher,
  title={Higher-order side channel security and mask refreshing},
  author={Coron, Jean-S{\'e}bastien and Prouff, Emmanuel and Rivain, Matthieu and Roche, Thomas},
  booktitle={International Workshop on Fast Software Encryption},
  pages={410--424},
  year={2013},
  organization={Springer}
}

@inproceedings{ishai2003private,
  title={Private circuits: Securing hardware against probing attacks},
  author={Ishai, Yuval and Sahai, Amit and Wagner, David},
  booktitle={Annual International Cryptology Conference},
  pages={463--481},
  year={2003},
  organization={Springer}
}

@inproceedings{barthe2016strong,
  title={Strong non-interference and type-directed higher-order masking},
  author={Barthe, Gilles and Bela{\"\i}d, Sonia and Dupressoir, Fran{\c{c}}ois and Fouque, Pierre-Alain and Gr{\'e}goire, Benjamin and Strub, Pierre-Yves and Zucchini, R{\'e}becca},
  booktitle={Proceedings of the 2016 ACM SIGSAC Conference on Computer and Communications Security},
  pages={116--129},
  year={2016}
}

@inproceedings{rivain2010provably,
  title={Provably secure higher-order masking of AES},
  author={Rivain, Matthieu and Prouff, Emmanuel},
  booktitle={International Workshop on Cryptographic Hardware and Embedded Systems},
  pages={413--427},
  year={2010},
  organization={Springer}
}

@article{berlekamp1978inherent,
  title={On the inherent intractability of certain coding problems (corresp.)},
  author={Berlekamp, Elwyn and McEliece, Robert and Van Tilborg, Henk},
  journal={IEEE Transactions on Information Theory},
  volume={24},
  number={3},
  pages={384--386},
  year={1978},
  publisher={IEEE}
}

@book{macwilliams1977theory,
  title={The theory of error correcting codes},
  author={MacWilliams, Florence Jessie and Sloane, Neil James Alexander},
  volume={16},
  year={1977},
  publisher={Elsevier}
}

@inproceedings{gaborit2005shorter,
  title={Shorter keys for code based cryptography},
  author={Gaborit, Philippe},
  booktitle={Proceedings of the 2005 International Workshop on Coding and Cryptography (WCC 2005)},
  pages={81--91},
  year={2005}
}

@article{dworkin2015sha,
  title={SHA-3 standard: Permutation-based hash and extendable-output functions},
  author={Dworkin, Morris J},
  year={2015}
}

@inproceedings{belaid:hal-02953167,
  TITLE = {{Tornado: Automatic Generation of~Probing-Secure Masked Bitsliced Implementations}},
  AUTHOR = {Bela{\"i}d, Sonia and Dagand, Pierre-Evariste and Mercadier, Darius and Rivain, Matthieu and Wintersdorff, Rapha{\"e}l},
  URL = {https://hal.archives-ouvertes.fr/hal-02953167},
  BOOKTITLE = {{Eurocrypt 2020 - 39th Annual International Conference on the Theory and Applications of Cryptographic Techniques}},
  ADDRESS = {Zagreb / Virtual, Croatia},
  PUBLISHER = {{Springer}},
  SERIES = {Lecture Notes in Computer Science},
  VOLUME = {12107},
  PAGES = {311-341},
  YEAR = {2020},
  MONTH = May,
  DOI = {10.1007/978-3-030-45727-3\_11},
  KEYWORDS = {Compiler ; Bitslice ; Masking ; Automated verification},
  PDF = {https://hal.archives-ouvertes.fr/hal-02953167/file/2020-506.pdf},
  HAL_ID = {hal-02953167},
  HAL_VERSION = {v1},
}

@misc{cryptoeprint:2020:733,
    author       = {Michiel Van Beirendonck and
		    Jan-Pieter D'Anvers and
		    Angshuman Karmakar and
		    Josep Balasch and
		    Ingrid Verbauwhede},
    title        = {A Side-Channel Resistant Implementation of SABER},
    howpublished = {Cryptology ePrint Archive, Report 2020/733},
    year         = {2020},
    note         = {\url{https://ia.cr/2020/733}},
}

@misc{cryptoeprint:2021:483,
    author       = {Joppe W. Bos and
		    Marc Gourjon and
		    Joost Renes and
		    Tobias Schneider and
		    Christine van Vredendaal},
    title        = {Masking Kyber: First- and Higher-Order Implementations},
    howpublished = {Cryptology ePrint Archive, Report 2021/483},
    year         = {2021},
    note         = {\url{https://ia.cr/2021/483}},
}

@inproceedings{schneider2015leakage,
  title={Leakage assessment methodology},
  author={Schneider, Tobias and Moradi, Amir},
  booktitle={International Workshop on Cryptographic Hardware and Embedded Systems},
  pages={495--513},
  year={2015},
  organization={Springer}
}

